@article{naylor2014minimal,
    title={Minimal detectable change for mobility and patient-reported tools in people with osteoarthritis awaiting arthroplasty},
    author={Naylor, Justine M and Hayen, Andrew and Davidson, Edward and Hackett, Danella and Harris, Ian A and Kamalasena, Gihan and Mittal, Rajat},
    journal={BMC musculoskeletal disorders},
    volume={15},
    number={1},
    pages={235},
    year={2014},
    publisher={BioMed Central}
}

@article{kennedy2005assessing,
    title={Assessing stability and change of four performance measures: a longitudinal study evaluating outcome following total hip and knee arthroplasty},
    author={Kennedy, Deborah M and Stratford, Paul W and Wessel, Jean and Gollish, Jeffrey D and Penney, Dianne},
    journal={BMC musculoskeletal disorders},
    volume={6},
    number={1},
    pages={3},
    year={2005},
    publisher={BioMed Central}
}

@article{page2015distinguishing,
    title={Distinguishing problematic from nonproblematic postsurgical pain: a pain trajectory analysis after total knee arthroplasty},
    author={Page, M Gabrielle and Katz, Joel and Escobar, E Manolo Romero and Lutzky-Cohen, Noga and Curtis, Kathryn and Fuss, Samantha and Clarke, Hance A},
    journal={Pain},
    volume={156},
    number={3},
    pages={460--468},
    year={2015},
    publisher={LWW}
}

@article{mizner2005preoperative,
    title={Preoperative quadriceps strength predicts functional ability one year after total knee arthroplasty.},
    author={Mizner, Ryan L and Petterson, Stephanie C and Stevens, Jennifer E and Axe, Michael J and Snyder-Mackler, Lynn},
    journal={The Journal of rheumatology},
    volume={32},
    number={8},
    pages={1533--1539},
    year={2005},
    publisher={The Journal of Rheumatology}
}

@article{kennedy2008assessing,
    title={Assessing recovery and establishing prognosis following total knee arthroplasty},
    author={Kennedy, Deborah M and Stratford, Paul W and Riddle, Daniel L and Hanna, Steven E and Gollish, Jeffrey D},
    journal={Physical therapy},
    volume={88},
    number={1},
    pages={22--32},
    year={2008},
    publisher={Oxford University Press}
}

@article{bade2010outcomes,
    title={Outcomes before and after total knee arthroplasty compared to healthy adults},
    author={Bade, Michael J and Kohrt, Wendy M and Stevens-Lapsley, Jennifer E},
    journal={journal of orthopaedic \& sports physical therapy},
    volume={40},
    number={9},
    pages={559--567},
    year={2010},
    publisher={JOSPT, Inc. JOSPT, 1033 North Fairfax Street, Suite 304, Alexandria, VA 22134-1540}
}

@article{judd2012muscle,
    title={Muscle strength loss in the lower extremity following total knee arthroplasty},
    author={Judd, Dana L and Eckhoff, Donald G and Stevens-Lapsley, Jennifer},
    journal={American journal of physical medicine \& rehabilitation/Association of Academic Physiatrists},
    volume={91},
    number={3},
    pages={220},
    year={2012},
    publisher={NIH Public Access}
}

@article{weiss2002functional,
    title={What functional activities are important to patients with knee replacements?},
    author={Weiss, Jennifer M and Noble, Philip C and Conditt, Michael A and Kohl, Harold W and Roberts, Seth and Cook, Karon F and Gordon, Michael J and Mathis, Kenneth B},
    journal={Clinical Orthopaedics and Related Research},
    volume={404},
    pages={172--188},
    year={2002},
    publisher={LWW}
}

@article{sanchez2018development,
    title={Development and validation of a clinical prediction model for patient-reported pain and function after primary total knee replacement surgery},
    author={Sanchez-Santos, MT and Garriga, C and Judge, A and Batra, RN and Price, AJ and Liddle, AD and Javaid, MK and Cooper, C and Murray, DW and Arden, NK},
    journal={Scientific reports},
    volume={8},
    number={1},
    pages={3381},
    year={2018},
    publisher={Nature Publishing Group}
}


@article{bernstein2014dramatic,
    title={Dramatic increase in total knee replacement utilization rates cannot be fully explained by a disproportionate increase among younger patients},
    author={Bernstein, Joseph and Derman, Peter},
    journal={Orthopedics},
    volume={37},
    number={7},
    pages={e656--e659},
    year={2014},
    publisher={SLACK Incorporated}
}

@ARTICLE{Figueredo:2009dg,
   author = {Figueredo, A.~J. and Wolf, P. S.~A.},
   title = {Assortative pairing and life history strategy -- a cross-cultural study},
   journal = {Human Nature},
   volume = {20},
   pages = {317-330},
   year = {2009},
   doi={https://doi.org/10.1007/s12110-009-9068-2}
}

@MISC{Hao:gidmaps:2014,
  author = {Hao, Z. and AghaKouchak, A. and Nakhjiri, N. and Farahmand, A},
  year = {2014},
  title = {Global integrated drought monitoring and prediction system ({GIDMaPS}) data sets},
  howpublished = {\emph{figshare} \url{http://dx.doi.org/10.6084/m9.figshare.853801}}
}

@article{van2014curve,
  title={Curve matching: a data-driven technique to improve individual prediction of childhood growth},
  author={Van Buuren, Stef},
  journal={Annals of Nutrition and Metabolism},
  volume={65},
  number={2-3},
  pages={227--233},
  year={2014},
  publisher={Karger Publishers}
}

@inproceedings{rigby2001gamlss,
  title={The GAMLSS project: a flexible approach to statistical modelling},
  author={Rigby, RA and Stasinopoulos, DM},
  booktitle={New trends in statistical modelling: Proceedings of the 16th international workshop on statistical modelling},
  volume={337},
  pages={345},
  year={2001},
  organization={University of Southern Denmark}
}

@article{stasinopoulos2007generalized,
  title={Generalized additive models for location scale and shape (GAMLSS) in R},
  author={Stasinopoulos, D Mikis and Rigby, Robert A and others},
  journal={Journal of Statistical Software},
  volume={23},
  number={7},
  pages={1--46},
  year={2007}
}

@Manual{R-bindrcpp,
  title = {bindrcpp: An 'Rcpp' Interface to Active Bindings},
  author = {Kirill Müller},
  year = {2018},
  note = {R package version 0.2.2},
  url = {https://CRAN.R-project.org/package=bindrcpp},
}
@Manual{R-boot,
  title = {boot: Bootstrap Functions (Originally by Angelo Canty for S)},
  author = {Angelo Canty and Brian Ripley},
  year = {2017},
  note = {R package version 1.3-20},
  url = {https://CRAN.R-project.org/package=boot},
}
@Manual{R-brokenstick,
  title = {brokenstick: Broken Stick Model for Irregular Longitudinal Data},
  author = {Stef {van Buuren}},
  year = {2017},
  note = {R package version 0.57.0},
}
@Manual{R-colorout,
  title = {colorout: Colorize R Output on Terminal Emulators},
  author = {Jakson Aquino and Dominique-Laurent Couturier},
  year = {2018},
  note = {R package version 1.2-0},
  url = {https://github.com/jalvesaq/colorout},
}
@Manual{R-data.table,
  title = {data.table: Extension of `data.frame`},
  author = {Matt Dowle and Arun Srinivasan},
  year = {2018},
  note = {R package version 1.11.8},
  url = {https://CRAN.R-project.org/package=data.table},
}
@Manual{R-dplyr,
  title = {dplyr: A Grammar of Data Manipulation},
  author = {Hadley Wickham and Romain François and Lionel Henry and Kirill Müller},
  year = {2018},
  note = {R package version 0.7.7},
  url = {https://CRAN.R-project.org/package=dplyr},
}
@Manual{R-gamlss,
  title = {gamlss: Generalised Additive Models for Location Scale and Shape},
  author = {Mikis Stasinopoulos and Bob Rigby},
  year = {2018},
  note = {R package version 5.1-2},
  url = {https://CRAN.R-project.org/package=gamlss},
}
@Manual{R-gamlss.data,
  title = {gamlss.data: GAMLSS Data},
  author = {Mikis Stasinopoulos and Bob Rigby and Fernanda {De Bastiani}},
  year = {2018},
  note = {R package version 5.1-0},
  url = {https://CRAN.R-project.org/package=gamlss.data},
}
@Manual{R-gamlss.dist,
  title = {gamlss.dist: Distributions for Generalized Additive Models for Location Scale
and Shape},
  author = {Mikis Stasinopoulos and Robert Rigby},
  year = {2018},
  note = {R package version 5.1-0},
  url = {https://CRAN.R-project.org/package=gamlss.dist},
}
@Manual{R-ggplot2,
  title = {ggplot2: Create Elegant Data Visualisations Using the Grammar of Graphics},
  author = {Hadley Wickham and Winston Chang and Lionel Henry and Thomas Lin Pedersen and Kohske Takahashi and Claus Wilke and Kara Woo},
  year = {2018},
  note = {R package version 3.0.0},
  url = {https://CRAN.R-project.org/package=ggplot2},
}
@Manual{R-kableExtra,
  title = {kableExtra: Construct Complex Table with 'kable' and Pipe Syntax},
  author = {Hao Zhu},
  year = {2018},
  note = {R package version 0.9.0},
  url = {https://CRAN.R-project.org/package=kableExtra},
}
@Manual{R-knitr,
  title = {knitr: A General-Purpose Package for Dynamic Report Generation in R},
  author = {Yihui Xie},
  year = {2018},
  note = {R package version 1.20},
  url = {https://CRAN.R-project.org/package=knitr},
}
@Manual{R-labelled,
  title = {labelled: Manipulating Labelled Data},
  author = {Joseph Larmarange},
  year = {2018},
  note = {R package version 1.1.0},
  url = {https://CRAN.R-project.org/package=labelled},
}
@Manual{R-MASS,
  title = {MASS: Support Functions and Datasets for Venables and Ripley's MASS},
  author = {Brian Ripley},
  year = {2018},
  note = {R package version 7.3-50},
  url = {https://CRAN.R-project.org/package=MASS},
}
@Manual{R-nlme,
  title = {nlme: Linear and Nonlinear Mixed Effects Models},
  author = {José Pinheiro and Douglas Bates and {R-core}},
  year = {2018},
  note = {R package version 3.1-137},
  url = {https://CRAN.R-project.org/package=nlme},
}
@Manual{R-nvimcom,
  title = {nvimcom: Intermediate the Communication Between R and Either Neovim or
Vim},
  author = {Jakson Aquino},
  year = {2018},
  note = {R package version 0.9-58},
  url = {https://github.com/jalvesaq/nvimcom},
}
@Manual{R-QuantPsyc,
  title = {QuantPsyc: Quantitative Psychology Tools},
  author = {Thomas D. Fletcher},
  year = {2012},
  note = {R package version 1.5},
  url = {https://CRAN.R-project.org/package=QuantPsyc},
}
@Manual{R-readxl,
  title = {readxl: Read Excel Files},
  author = {Hadley Wickham and Jennifer Bryan},
  year = {2018},
  note = {R package version 1.1.0},
  url = {https://CRAN.R-project.org/package=readxl},
}
@Manual{R-tableone,
  title = {tableone: Create 'Table 1' to Describe Baseline Characteristics},
  author = {Kazuki Yoshida and Justin Bohn.},
  year = {2018},
  note = {R package version 0.9.3},
  url = {https://CRAN.R-project.org/package=tableone},
}
@Manual{R-xtable,
  title = {xtable: Export Tables to LaTeX or HTML},
  author = {David B. Dahl and David Scott and Charles Roosen and Arni Magnusson and Jonathan Swinton},
  year = {2018},
  note = {R package version 1.8-3},
  url = {https://CRAN.R-project.org/package=xtable},
}
